<?xml version="1.0" encoding="UTF-8"?><collection xmlns="http://www.loc.gov/MARC21/slim"><record><leader>00469nam--2200181-i-4500</leader><controlfield tag="001">000020706</controlfield><controlfield tag="002">20161230</controlfield><controlfield tag="005">20170121222000</controlfield><controlfield tag="008">060222s1000------------r-----000-0-eng-d</controlfield><datafield ind1=" " ind2=" " tag="020"><subfield code="a">0-87590-</subfield></datafield><datafield ind1=" " ind2=" " tag="080"><subfield code="a">52-726:523</subfield></datafield><datafield ind1=" " ind2=" " tag="245"><subfield code="a">Solar system plasmas in space and time</subfield></datafield><datafield ind1=" " ind2=" " tag="260"><subfield code="a">Washington</subfield><subfield code="b">American Geophysical Union</subfield><subfield code="c">1994</subfield></datafield><datafield ind1=" " ind2=" " tag="300"><subfield code="a">295 p</subfield></datafield><datafield ind1=" " ind2=" " tag="490"><subfield code="a">Geophysical Monograph</subfield></datafield><datafield ind1=" " ind2=" " tag="700"><subfield code="a">Waite, J. H</subfield><subfield code="c">Jr</subfield></datafield><datafield ind1=" " ind2=" " tag="852"><subfield code="a">29176</subfield></datafield><datafield ind1=" " ind2=" " tag="CAT"><subfield code="a">SYS</subfield><subfield code="c">20170121</subfield><subfield code="h">222000</subfield></datafield></record></collection>